@article{Willems2009,
author = {Willems, Niels and Scheepens, Roeland and {Van De Wetering}, Huub and {Van Wijk}, Jarke J.},
doi = {10.1007/978-1-4614-6230-9_5},
isbn = {9781461462309},
issn = {14678659},
journal = {Situation Awareness with Systems of Systems},
mendeley-groups = {Trailing Visualization/3 stars},
number = {3},
pages = {73--87},
title = {{Visualization of vessel traffic}},
volume = {9781461462},
year = {2009}
}

@article{Selassie2011,
author={D. Selassie and B. Heller and J. Heer}, 
journal={IEEE Transactions on Visualization and Computer Graphics}, 
title={Divided Edge Bundling for Directional Network Data}, 
volume={17}, 
number={12}, 
pages={2354-2363}, 
keywords={data visualisation;directed graphs;matrix algebra;pattern
clustering;directional network data;node link diagram;graph theory;directed
edge bundling;graph connectivity;directional edge patterns;graph
topology;visualization;matrix diagrams;clustered graphs;Encoding;Graphics;Image
edge detection;Data visualization;Graph visualization;aggregation;node-link
diagrams;edge bundling;physical simulation.}, 
doi={10.1109/TVCG.2011.190}, 
ISSN={1077-2626}, 
month={Dec},
year={2011} 
}

@article{Andrienko2011,
author = {Andrienko, Natalia and Andrienko, Gennady},
doi = {10.1109/TVCG.2010.44},
issn = {1077-2626},
journal = {IEEE Transactions on Visualization and Computer Graphics},
month = {feb},
number = {2},
pages = {205--219},
title = {{Spatial Generalization and Aggregation of Massive Movement Data}},
url = {http://ieeexplore.ieee.org/document/5432167/},
volume = {17},
year = {2011}
}

@article{Zeng2013,
author = {Zeng, Wei and Fu, Chi‐Wing and Arisona, Stefan M{\"{u}}ller and Qu, Huamin},
doi = {10.1111/cgf.12114},
journal = {Computer Graphics Forum},
keywords = {H.5.2 Information Interfaces and Presentation: Use,I.3.8 Computer
Graphics: Application—Geographical},
number = {3pt3},
pages = {271--280},
title = {{Visualizing Interchange Patterns in Massive Movement Data}},
url = {https://onlinelibrary.wiley.com/doi/abs/10.1111/cgf.12114},
volume = {32},
year = {2013}
}

@phdthesis{Ersoy2013,
author = {Ersoy, Ozan},
title = {Image-Based Graph Visualization},
year = {2013}
}

@phdthesis{Klein2013,
author = {Klein, Tijmen},
title = {Real Time Multi Scale Visualization of Flight Data},
year = {2013}
}

@article{Liu2013,
author = {Liu, Siyuan and Pu, Jiansu and Luo, Qiong and Qu, Huamin and Ni, Lionel M. and Krishnan, Ramayya},
doi = {10.1109/TITS.2013.2263225},
isbn = {9781450310314},
issn = {1524-9050},
journal = {IEEE Transactions on Intelligent Transportation Systems},
month = {dec},
number = {4},
pages = {1586--1596},
title = {{VAIT: A Visual Analytics System for Metropolitan Transportation}},
url = {http://ieeexplore.ieee.org/lpdocs/epic03/wrapper.htm?arnumber=6522454},
volume = {14},
year = {2013}
}

@article{Hurter2013,
author = {Hurter, Christophe and Ersoy, Ozan and Fabrikant, Sara Irina and Klein, Tijmen R. and Telea, Alexandru C.},
doi = {10.1109/TVCG.2013.246},
issn = {1077-2626},
journal = {IEEE Transactions on Visualization and Computer Graphics},
month = {aug},
number = {8},
pages = {1141--1157},
title = {{Bundled Visualization of DynamicGraph and Trail Data}},
url = {http://ieeexplore.ieee.org/document/6636295/},
volume = {20},
year = {2014}
}

@article{Zhou2013,
author = {Zhou, Hong and Xu, Panpan and Yuan, Xiaoru and Qu, Huamin},
doi = {10.1109/TST.2013.6509098},
issn = {10070214},
journal = {Tsinghua Science and Technology},
keywords = {Edge bundling,Flow maps,Graph visualization,Parallel coordinates,Visual clutter},
number = {2},
pages = {145--156},
title = {{Edge bundling in information visualization}},
volume = {18},
year = {2013}
}

@article{Klein2014,
author = {Klein, Tijmen and van der Zwan, Matthew and Telea, Alexandru},
isbn = {9789897580031},
journal = {Computer Vision Theory and Applications (VISAPP), 2014 International Conference on},
keywords = {Airplanes,Airports,Animation,Data visualization,Flight Visualization,Graph Bundling,Graph Visualization,Image color analysis,Movement Data Visualization,Scalability,Trajectory},
pages = {104--114},
title = {{Dynamic multiscale visualization of flight data}},
url = {http://ieeexplore.ieee.org/xpl/abstractMetrics.jsp?arnumber=7294794},
volume = {1},
year = {2014}
}

@article{Anita2017,
author = {Anita Graser and Johanna Schmidt and Florian Roth and Norbert Brändle},
title ={Untangling origin-destination flows in geographic information systems},
journal = {Information Visualization},
volume = {0},
number = {0},
pages = {1473871617738122},
doi = {10.1177/1473871617738122},
URL = {https://doi.org/10.1177/1473871617738122},
year = {2017}
}

@article{ZegarraFlores2016,
author = {{Zegarra Flores}, Jesus Victor and Rasseneur, Laurence and Galani, Rodrigue and Rakitic, Fabienne and Farcy, Ren{\'{e}}},
doi = {10.1108/JAT-05-2015-0018},
isbn = {978-1-4673-6879-7},
issn = {20428723},
journal = {Journal of Assistive Technologies},
keywords = {Barometer,IMU,Indoor navigation,Smart phone,University buildings,Visually impaired person},
number = {3},
pages = {133--139},
title = {{Attribute-Driven Edge Bundling for General Graphs with Applications in Trail Analysis}},
volume = {10},
year = {2016}
}

@article{VanDerZwan2016,
author = {{Van Der Zwan}, Matthew and Codreanu, Valeriu and Telea, Alexandru},
doi = {10.1109/TVCG.2016.2515611},
isbn = {1077-2626},
issn = {10772626},
journal = {IEEE Transactions on Visualization and Computer Graphics},
keywords = {Computing methodologies: Computer graphics-methodology and techniques,Computing methodologies: computer graphics-picture/image generation},
number = {12},
pages = {2550--2563},
title = {{CUBu: Universal Real-Time Bundling for Large Graphs}},
volume = {22},
year = {2016}
}

@article{He2017,
author = {He, Zhengbing and Zheng, Liang and Chen, Peng and Guan, Wei},
doi = {10.1111/mice.12251},
issn = {10939687},
journal = {Computer-Aided Civil and Infrastructure Engineering},
month = {mar},
number = {3},
pages = {252--267},
publisher = {John Wiley & Sons, Inc.},
title = {{Mapping to Cells: A Simple Method to Extract Traffic Dynamics from Probe Vehicle Data}},
url = {http://doi.wiley.com/10.1111/mice.12251},
volume = {32},
year = {2017}
}

@article{Andrienko2017,
author = {Andrienko, Gennady and Andrienko, Natalia and Fuchs, Georg and Wood, Jo},
doi = {10.1109/TVCG.2016.2616404},
issn = {1077-2626},
journal = {IEEE Transactions on Visualization and Computer Graphics},
month = {sep},
number = {9},
pages = {2120--2136},
title = {{Revealing Patterns and Trends of Mass Mobility Through Spatial and Temporal Abstraction of Origin-Destination Movement Data}},
url = {http://ieeexplore.ieee.org/document/7587808/},
volume = {23},
year = {2017}
}

@article{Lhuillier2017,
address = {Chichester, UK},
author = {Lhuillier, A and Hurter, C and Telea, A},
doi = {10.1111/cgf.13213},
issn = {0167-7055},
journal = {Comput. Graph. Forum},
keywords = {Categories and Subject Descriptors according to AC,I.3.3 [Computer
Graphics]: Computing Methodologie,I.3.6 [Computer Graphics]: Computing
Methodologie},
month = {jun},
number = {3},
pages = {619--645},
publisher = {The Eurographs Association; John Wiley; Sons, Ltd.},
title = {{State of the Art in Edge and Trail Bundling Techniques}},
url = {https://doi.org/10.1111/cgf.13213},
volume = {36},
year = {2017}
}

@article{Hurter2018,
author = {Hurter, Christophe and Puechmorel, St{\'{e}}phane and Nicol, Florence and Telea, Alexandru},
doi = {10.1109/TVCG.2017.2744338},
isbn = {1077-2626 VO - PP},
issn = {10772626},
journal = {IEEE Transactions on Visualization and Computer Graphics},
keywords = {edge bundles,functional decomposition,path generation,path visualization,streamlines,trajectory visualization},
number = {1},
pages = {500--510},
title = {{Functional Decomposition for Bundled Simplification of Trail Sets}},
volume = {24},
year = {2018}
}

@InProceedings{mabs2017,
author="Santana, Eduardo Felipe Zambom
and Lago, Nelson
and Kon, Fabio
and Milojicic, Dejan S.",
editor="Dimuro, Gra{\c{c}}aliz Pereira
and Antunes, Luis",
title="InterSCSimulator: Large-Scale Traffic Simulation in Smart Cities Using Erlang",
booktitle="Multi-Agent Based Simulation XVIII",
year="2018",
publisher="Springer International Publishing",
address="Cham",
pages="211--227",
isbn="978-3-319-91587-6"
}
