// Thesis
@phdthesis{Ersoy2013,
author = {Ersoy, Ozan},
title = {{Image-Based Graph Visualization}},
year = {2013}
}

// Articles
@article{Zeng2013,
author = {Zeng, Wei and Fu, Chi‐Wing and Arisona, Stefan M{\"{u}}ller and Qu, Huamin},
doi = {10.1111/cgf.12114},
journal = {Computer Graphics Forum},
keywords = {H.5.2 Information Interfaces and Presentation: Use,I.3.8 Computer Graphics: Application—Geographical},
number = {3pt3},
pages = {271--280},
title = {{Visualizing Interchange Patterns in Massive Movement Data}},
url = {https://onlinelibrary.wiley.com/doi/abs/10.1111/cgf.12114},
volume = {32},
year = {2013}
}

@article{Klein2014,
author = {Klein, Tijmen and van der Zwan, Matthew and Telea, Alexandru},
isbn = {9789897580031},
journal = {Computer Vision Theory and Applications (VISAPP), 2014 International Conference on},
keywords = {Airplanes,Airports,Animation,Data visualization,Flight Visualization,Graph Bundling,Graph Visualization,Image color analysis,Movement Data Visualization,Scalability,Trajectory},
pages = {104--114},
title = {{Dynamic multiscale visualization of flight data}},
url = {http://ieeexplore.ieee.org/xpl/abstractMetrics.jsp?arnumber=7294794},
volume = {1},
year = {2014}
}

@article{Willems2009,
author = {Willems, Niels and Scheepens, Roeland and {Van De Wetering}, Huub and {Van Wijk}, Jarke J.},
doi = {10.1007/978-1-4614-6230-9_5},
isbn = {9781461462309},
issn = {14678659},
journal = {Situation Awareness with Systems of Systems},
number = {3},
pages = {73--87},
title = {{Visualization of vessel traffic}},
volume = {9781461462},
year = {2009}
}

@article{Anita2017,
author = {Anita Graser and Johanna Schmidt and Florian Roth and Norbert Brändle},
title ={Untangling origin-destination flows in geographic information systems},
journal = {Information Visualization},
volume = {0},
number = {0},
pages = {1473871617738122},
year = {2017},
doi = {10.1177/1473871617738122},
URL = {https://doi.org/10.1177/1473871617738122},
eprint = {https://doi.org/10.1177/147387161773812}
}

@article{Selassie2011,
author={D. Selassie and B. Heller and J. Heer}, 
journal={IEEE Transactions on Visualization and Computer Graphics}, 
title={Divided Edge Bundling for Directional Network Data}, 
year={2011}, 
volume={17}, 
number={12}, 
pages={2354-2363}, 
keywords={data visualisation;directed graphs;matrix algebra;pattern clustering;directional network data;node link diagram;graph theory;directed edge bundling;graph connectivity;directional edge patterns;graph topology;visualization;matrix diagrams;clustered graphs;Encoding;Graphics;Image edge detection;Data visualization;Graph visualization;aggregation;node-link diagrams;edge bundling;physical simulation.}, 
doi={10.1109/TVCG.2011.190}, 
ISSN={1077-2626}, 
month={Dec}
}

// Surveys
